%% PPGI - UFRJ

%% This BibTeX bibliography file was created using BibDesk.
%% http://bibdesk.sourceforge.net/

%% Exemplo de arquivo .bib a ser utilizado para gerar a Biliografia

@article{Wang2013,
author = {Wang, Wenye and Lu, Zhuo},
doi = {10.1016/j.comnet.2012.12.017},
file = {:home/marcos/.local/share/data/Mendeley Ltd./Mendeley Desktop/Downloaded/Wang, Lu - 2013 - Cyber security in the Smart Grid Survey and challenges.pdf:pdf},
isbn = {1389-1286},
issn = {13891286},
journal = {Computer Networks},
keywords = {Attacks and countermeasures,Cryptography,Cyber security,Security protocols,Smart Grid},
mendeley-groups = {Smart grid cyber security},
month = {apr},
number = {5},
pages = {1344--1371},
publisher = {Elsevier B.V.},
title = {{Cyber security in the Smart Grid: Survey and challenges}},
url = {http://dx.doi.org/10.1016/j.comnet.2012.12.017 http://linkinghub.elsevier.com/retrieve/pii/S1389128613000042},
volume = {57},
year = {2013}
}


@article{Bouayad2012,
author = {Bouayad, Anas and Blilat, Asmae and Mejhed, Nour and El Ghazi, Mohammed},
doi = {10.1109/CIST.2012.6388058},
file = {:home/marcos/.local/share/data/Mendeley Ltd./Mendeley Desktop/Downloaded/Bouayad et al. - 2012 - Cloud computing Security challenges.pdf:pdf},
isbn = {978-1-4673-2725-1},
journal = {2012 Colloquium in Information Science and Technology},
keywords = {Computational modeling,Computer architecture,IT infrastructure,Runtime,Security,business data processing,cloud,cloud architecture perspective,cloud computing,cloud computing security,cloud computing security management,computing security management,information technology,innovative business model,innovative business organizations,organisational aspects,security challenges,security of data,security threats},
mendeley-groups = {cloud},
month = {oct},
pages = {26--31},
publisher = {IEEE},
title = {{Cloud computing: Security challenges}},
url = {http://ieeexplore.ieee.org/lpdocs/epic03/wrapper.htm?arnumber=6388058 http://ieeexplore.ieee.org/document/6388058/},
year = {2012}
}

@article{Khalil2013,
author = {Khalil, Issa M. and Khreishah, Abdallah and Bouktif, Salah and Ahmad, Azeem},
isbn = {9780769549675},
issn = {18650929},
keywords = {Classification Scheme,Cloud Computing Attacks,Cloud Computing Security,Security Threats},
mendeley-groups = {cloud},
pages = {411--416},
title = {{Security concerns in cloud computing}},
year = {2013},
journal = {Proceedings of the 2013 10th International Conference on Information Technology: New Generations, ITNG 2013}
}

@inproceedings{Strackx2016,
 author = {Strackx, Raoul and Piessens, Frank},
 title = {Developing Secure SGX Enclaves: New Challenges on the Horizon},
 booktitle = {Proceedings of the 1st Workshop on System Software for Trusted Execution},
 series = {SysTEX '16},
 year = {2016},
 isbn = {978-1-4503-4670-2},
 location = {Trento, Italy},
 pages = {3:1--3:2},
 articleno = {3},
 numpages = {2},
 url = {http://doi.acm.org/10.1145/3007788.3007791},
 doi = {10.1145/3007788.3007791},
 acmid = {3007791},
 publisher = {ACM},
 address = {New York, NY, USA},
 keywords = {Intel SGX, buffer overflow, low-level vulnerability},
}

@book{NIST2011,
	Address = {EUA},
	Author = {NIST},
	Edition = {800-145},
	Organization = {NIST},
	Title = {The NIST definition of cloud computing - special publication},
	Year = {2011}
    }


@article{Lemoudden2013,
abstract = {Enterprises are more and more moving to the cloud to take advantages of its economic and technological model. However, Privacy and Security issues are often cited as the main obstacle to the adoption of cloud computing for enterprises; hence we need to have a clear understanding of security needs in the cloud in order to achieve solutions. The aim of this paper is twofold: firstly, to distinguish general security issues from cloud-related, and secondly, to provide an overview of attack vectors and defense strategies. [ABSTRACT FROM AUTHOR]},
author = {Lemoudden, M. and {Ben Bouazza}, N. and {El Ouahidi}, B. and Bourget, D.},
file = {:home/marcos/.local/share/data/Mendeley Ltd./Mendeley Desktop/Downloaded/Lemoudden et al. - 2013 - A survey of cloud computing security overview of attack vectors and defense mechanisms.pdf:pdf},
issn = {18173195},
journal = {Journal of Theoretical and Applied Information Technology},
keywords = {Attack,Cloud computing,Defense,Security,Threat,Vulnerability},
mendeley-groups = {cloud,DISSERTA{\c{C}}{\~{A}}O},
number = {2},
pages = {325--330},
title = {{A survey of cloud computing security overview of attack vectors and defense mechanisms}},
volume = {54},
year = {2013}
}

@article{grobauer2011, 
author={B. Grobauer and T. Walloschek and E. Stocker}, 
journal={IEEE Security Privacy}, 
title={Understanding Cloud Computing Vulnerabilities}, 
year={2011}, 
volume={9}, 
number={2}, 
pages={50-57}, 
keywords={cloud computing;risk analysis;security of data;cloud computing security;cloud computing vulnerabilities;cloud specific vulnerabilities;risk factor;security specific cloud reference architecture;Cloud computing;Computer security;Data privacy;Frequency;ISO standards;Information services;Internet;Taxonomy;Vocabulary;Web sites;Risk management;cloud computing;computer systems organization;emerging technologies;network security;security;software engineering}, 
doi={10.1109/MSP.2010.115}, 
ISSN={1540-7993}, 
month={March}}


@article{Xiao2013,
abstract = {Recent advances have given rise to the popularity and success of cloud computing. However, when outsourcing the data and business application to a third party causes the security and privacy issues to become a critical concern. Throughout the study at hand, the authors obtain a common goal to provide a comprehensive review of the existing security and privacy issues in cloud environments. We have identified five most representative security and privacy attributes (i.e., confidentiality, integrity, availability, accountability, and privacy-preservability). Beginning with these attributes, we present the relationships among them, the vulnerabilities that may be exploited by attackers, the threat models, as well as existing defense strategies in a cloud scenario. Future research directions are previously determined for each attribute.},
author = {Xiao, Zhifeng and Xiao, Yang},
doi = {10.1109/SURV.2012.060912.00182},
file = {:home/marcos/.local/share/data/Mendeley Ltd./Mendeley Desktop/Downloaded/Xiao, Xiao - 2013 - Security and Privacy in Cloud Computing.pdf:pdf},
isbn = {1553-877X},
issn = {1553-877X},
journal = {Communications Surveys Tutorials, IEEE},
keywords = {accountability,availa,cloud computing,data privacy},
mendeley-groups = {cloud,DISSERTA{\c{C}}{\~{A}}O},
number = {2},
pages = {843--859},
title = {{Security and Privacy in Cloud Computing}},
volume = {15},
year = {2013}
}

@misc{CSA2017,
author = {{Cloud Security Alliance}},
title = {Top threats of cloud computing},
Urlaccessdate = {23 jan 2017},
Url = {https://cloudsecurityalliance.org/topthreats/csathreats.v1.0.pdf.},
Year = {2017}

}

@book{kurosecomputer,
  title={Computer networking: a top-down approach},
  author={Kurose, James F and Ross, Keith W},
  publisher={Addison Wesley},
  Year = {2013},
  edition = {6ª}
}

@book{stallings2014cryptography,
  title={Cryptography and Network Security: Principles and Practice, International Edition: Principles and Practice},
  author={Stallings, William},
  year={2014},
  publisher={Pearson Higher Ed}
}

@article{MOIA2014,
author = {MOIA, Vitor Hugo Galhardo and Henriques, Marco Aurélio Amaral},
title = {Avaliação da segurança de protocolos criptográficos usados em moedas virtuais},
journal = {VII Sétimo Encontro dos Alunos e Docentes do Departamento de Engenharia de Computação e Automação Industrial-EADCA},
pages = {1--4},
title = {{Security and Privacy in Cloud Computing}},
volume = {1},
Year = {2014}
}

@article{AMIN2005, 
author={S. Massoud Amin and B. F. Wollenberg}, 
journal={IEEE Power and Energy Magazine}, 
title={Toward a smart grid: power delivery for the 21st century}, 
year={2005}, 
volume={3}, 
number={5}, 
pages={34-41}, 
keywords={parameter estimation;power system interconnection;power system reliability;power system security;large-scale power delivery infrastructure;online parameter estimation;real-time adaptive control;reconfigurable aircraft control system;smart grid;Adaptive control;Aerospace control;Aircraft;Automatic testing;Large-scale systems;Parameter estimation;Robustness;Security;Smart grids;System testing}, 
doi={10.1109/MPAE.2005.1507024}, 
ISSN={1540-7977}, 
month={Sept},}


@INPROCEEDINGS{BOCCARDO2010, 
author={D. R. Boccardo and L. C. G. dos Santos and L. F. R. da Costa Carmo and M. H. Dezan and R. C. S. Machado and S. de Aguiar Portugal}, 
booktitle={2010 IEEE PES Innovative Smart Grid Technologies Conference Europe (ISGT Europe)}, 
title={Software evaluation of smart meters within a Legal Metrology perspective: A Brazilian case}, 
year={2010}, 
pages={1-7}, 
keywords={distribution networks;equipment evaluation;measurement;meters;power engineering computing;smart power grids;Brazilian;electrical distribution;legal metrology;metrology office;smart grid;smart meter;software evaluation;Cryptography;Documentation;Law;Metrology;Object recognition;Software;Electrical Meter;Information security;Legal Metrology;Software Evaluation}, 
doi={10.1109/ISGTEUROPE.2010.5638881}, 
ISSN={2165-4816}, 
month={Oct},}

@article{Farhangi2010,
abstract = {Exciting yet challenging times lie ahead. The electrical power industry is undergoing rapid change. The rising cost of energy, the mass electrification of everyday life, and climate change are the major drivers that will determine the speed at which such transformations will occur. Regardless of how quickly various utilities embrace smart grid concepts, technologies, and systems, they all agree onthe inevitability of this massive transformation. It is a move that will not only affect their business processes but also their organization and technologies.},
archivePrefix = {arXiv},
arxivId = {1540-7977/10},
author = {Farhangi, Hassan},
doi = {10.1109/MPE.2009.934876},
eprint = {10},
file = {:home/marcos/MEGA/MATERIAL DID{\'{A}}TICO/Artigos/Artigos Smart Grid/the path of the smart grid.pdf:pdf},
isbn = {9283224124},
issn = {15407977},
journal = {IEEE Power and Energy Magazine},
mendeley-groups = {DISSERTA{\c{C}}{\~{A}}O},
number = {1},
pages = {18--28},
pmid = {16092526},
primaryClass = {1540-7977},
title = {{The path of the smart grid}},
volume = {8},
year = {2010}
}

@article{Acharjee2013,
author = {Acharjee, P.},
doi = {10.1016/j.esr.2012.05.003},
file = {:home/marcos/MEGA/MATERIAL DID{\'{A}}TICO/Artigos/Artigos Smart Grid/Strategy and implementation of Smart Grids in India.pdf:pdf},
isbn = {9231334093},
issn = {2211467X},
journal = {Energy Strategy Reviews},
keywords = {Concept and impact of Smart Grid,Frame work of Smart Grid,Power scenario,Strategy and steps to implement Smart Grid},
mendeley-groups = {DISSERTA{\c{C}}{\~{A}}O},
number = {3},
pages = {193--204},
publisher = {Elsevier Ltd},
title = {{Strategy and implementation of Smart Grids in India}},
url = {http://dx.doi.org/10.1016/j.esr.2012.05.003},
volume = {1},
year = {2013}
}

@article{CentrodeGestaoeEstudosEstrategicos2012,

author = {{Centro de Gest{\~{a}}o e Estudos Estrat{\'{e}}gicos}},
file = {:home/marcos/.local/share/data/Mendeley Ltd./Mendeley Desktop/Downloaded/Centro de Gest{\~{a}}o e Estudos Estrat{\'{e}}gicos - 2012 - Redes El{\'{e}}tricas Inteligentes Contexto Nacional.pdf:pdf},
journal = {Centro de Gest{\~{a}}o e Estudos Estrat{\'{e}}gicos},
keywords = {CGEE,Contexto Brasileiro,Smart Grid},
mendeley-groups = {Smart grid cyber security,DISSERTA{\c{C}}{\~{A}}O},
pages = {172},
title = {{Redes El{\'{e}}tricas Inteligentes: Contexto Nacional}},
url = {http://www.cgee.org.br/publicacoes/documentos{\_}tecnicos.php},
volume = {16},
year = {2012}
}

@article{Sharma2015,
author = {Sharma, Konark and Saini, Lalit Mohan},
doi = {10.1016/j.rser.2015.04.170},
file = {:home/marcos/.local/share/data/Mendeley Ltd./Mendeley Desktop/Downloaded/Sharma, Saini - 2015 - Performance analysis of smart metering for smart grid{\_} An overview.pdf:pdf},
issn = {1364-0321},
journal = {Renewable and Sustainable Energy Reviews},
keywords = {Cyber security,Energy measurement,Renewable energy,Smart grid,Smart meter},
mendeley-groups = {Smart grid cyber security,DISSERTA{\c{C}}{\~{A}}O},
pages = {720--735},
publisher = {Elsevier},
title = {{Performance analysis of smart metering for smart grid{\_} An overview}},
url = {http://dx.doi.org/10.1016/j.rser.2015.04.170},
volume = {49},
year = {2015}
}

@book{wazlawick2013engenharia,
  title={Engenharia de software: conceitos e pr{\'a}ticas},
  author={Wazlawick, Raul Sidnei},
  volume={1},
  year={2013},
  publisher={Elsevier, Rio de Janeiro - Brasil}
}

@book{sommerville2003engenharia,
  title={Engenharia de software},
  author={Sommerville, Ian and Melnikoff, Selma Shin Shimizu and Arakaki, Reginaldo and de Andrade Barbosa, Edilson},
  volume={6},
  year={2003},
  publisher={Addison Wesley S{\~a}o Paulo}
}
@article{hoekstra2014intel,
  title={Intel{\textregistered} SGX for Dummies (Intel{\textregistered} SGX Design Objectives)},
  author={Hoekstra, Matthew},
  journal={retrieved, Dec 30},
  volume={3},
  pages={4},
  year={2015}
}

@article{costanintel,
  title={Intel SGX Explained},
  author={Costan, V and Devadas, S},
  organization = {Computer Science and Artificial Intelligence Laboratory Massachusetts Institute of Technology},
  pages = {86},
  publisher = {IACR Cryptology ePrint Archive},
  year={2016}
}


@electronic{WCG11h,
        Author = {{World Community Grid}},
        Date-Added = {2011-06-06 17:33:21 -0300},
        Date-Modified = {2011-06-06 17:33:46 -0300},
        Keywords = {FightAIDS@Home, sistema distribu{\'\i}do, grade computacional, grid computing, World Community Grid},
        Lastchecked = {1 jun. 2011},
        Note = {Access date: 1 jun. 2011},
        Organization = {World Community Grid},
        Title = {Overview},
        Url = {http://www.worldcommunitygrid.org/help/viewTopic.do?shortName=acah},
        Urldate = {1 jun. 2011},
        Year = {2011}}


@inproceedings{Hasselbring2016,
address = {New York, New York, USA},
author = {Hasselbring, Wilhelm},
booktitle = {Proceedings of the 7th ACM/SPEC on International Conference on Performance Engineering - ICPE '16},
doi = {10.1145/2851553.2858659},
file = {:home/marcos/.local/share/data/Mendeley Ltd./Mendeley Desktop/Downloaded/Hasselbring - 2016 - Microservices for Scalability.pdf:pdf},
isbn = {9781450340809},
keywords = {microservices,monitoring,scalability},
mendeley-groups = {microservice,DISSERTA{\c{C}}{\~{A}}O},
pages = {133--134},
publisher = {ACM Press},
title = {{Microservices for Scalability}},
url = {http://dl.acm.org/citation.cfm?id=2851553.2858659},
year = {2016}
}

@article{de2017state,
  title={State of the art and challenges of security SLA for cloud computing},
  author={de Carvalho, Carlos Andr{\'e} Batista and de Castro Andrade, Rossana Maria and de Castro, Miguel Franklin and Coutinho, Emanuel Ferreira and Agoulmine, Nazim},
  journal={Computers \& Electrical Engineering},
  year={2017},
  publisher={Elsevier}
}

@article{namiot2014micro,
  title={On micro-services architecture},
  author={Namiot, Dmitry and Sneps-Sneppe, Manfred},
  journal={International Journal of Open Information Technologies},
  volume={2},
  number={9},
  year={2014}
}

@article{Savchenko2015,
author = {Savchenko, D. I. and Radchenko, G. I. and Taipale, O.},
doi = {10.1109/MIPRO.2015.7160271},
journal = {2015 38th International Convention on Information and Communication Technology, Electronics and Microelectronics, MIPRO 2015 - Proceedings},
keywords = {Cloud computing,Microservices,PaaS,Services Oriented Architecture,testing,validation},
mendeley-groups = {microservice,DISSERTA{\c{C}}{\~{A}}O},
number = {May},
pages = {235--240},
title = {{Microservices validation: Mjolnirr platform case study}},
year = {2015}
}

@INPROCEEDINGS{ESCOBAR2016, 
author={D. Escobar and D. Cárdenas and R. Amarillo and E. Castro and K. Garcés and C. Parra and R. Casallas}, 
booktitle={2016 XLII Latin American Computing Conference (CLEI)}, 
title={Towards the understanding and evolution of monolithic applications as microservices}, 
year={2016}, 
pages={1-11}, 
keywords={Java;software development management;software maintenance;software process improvement;team working;JEE application;Java Enterprise Edition;LoC;automated modernization;business layer;data layer;legacy application modernization;microservices;model-centered process;modularization;monolithic applications;software application evolution;software development teams;software maintenance;Business;Clustering algorithms;Computer architecture;Data models;Data visualization;Face;Java;Microservices;Model-Driven Development;Modernization;Software Architecture;Software Reengineering}, 
doi={10.1109/CLEI.2016.7833410}, 
month={Oct}}

@article{ESPOSITO2016, 
author={C. Esposito and A. Castiglione and K. K. R. Choo}, 
journal={IEEE Cloud Computing}, 
title={Challenges in Delivering Software in the Cloud as Microservices}, 
year={2016}, 
volume={3}, 
number={5}, 
pages={10-14}, 
keywords={cloud computing;security of data;service-oriented architecture;trusted computing;application complexity;cloud;microservice architecture;security vulnerabilities;service-oriented software design;trustworthiness;Cloud computing;Computer architecture;Computer security;Data mining;Law;Service computing;Service-oriented systems enginee;Trust management;cloud computing;cloud infrastructure;microservices;security;trustworthiness}, 
doi={10.1109/MCC.2016.105}, 
ISSN={2325-6095}, 
month={Sept},}

@article{BALALAIE2016, 
author={A. Balalaie and A. Heydarnoori and P. Jamshidi}, 
journal={IEEE Software}, 
title={Microservices Architecture Enables DevOps: Migration to a Cloud-Native Architecture}, 
year={2016}, 
volume={33}, 
number={3}, 
pages={42-52}, 
keywords={cloud computing;software architecture;software maintenance;DevOps;architectural refactoring;cloud-native architecture;incremental migration;microservices architecture;Cloud computing;Computer architecture;Microservices;Mobile communication;Refractoring;Scalability;Servers;Software architecture;DevOps;architectural refactoring;cloud computing;microservices;migration pattern;mobile back end as a service;software development;software engineering}, 
doi={10.1109/MS.2016.64}, 
ISSN={0740-7459}, 
month={May},}

@book{newman2015building,
  title={Building microservices},
  author={Newman, Sam},
  year={2015},
  publisher={" O'Reilly Media, Inc."}
}

@article{silva2015segurancca,
  title={A seguran{\c{c}}a nas redes energ{\'e}ticas e o caso de Portugal},
  author={Silva, Miguel Moreira da},
  journal={Rela{\c{c}}{\~o}es Internacionais (R: I)},
  number={46},
  pages={101--124},
  year={2015},
  url ={www.scielo.mec.pt/pdf/ri/n46/n46a07.pdf},
  publisher={Instituto Portugu{\^e}s de Rela{\c{c}}{\~o}es Internacionais}
}

@article{Khalil2014,
author = {Khalil, Issa M and Khreishah, Abdallah and Azeem, Muhammad},
doi = {10.3390/computers3010001},
file = {:home/marcos/.local/share/data/Mendeley Ltd./Mendeley Desktop/Downloaded/Khalil, Khreishah, Azeem - 2014 - Cloud Computing Security A Survey.pdf:pdf},
issn = {2073-431X},
keywords = {attacks,cloud computing,cloud security,insider attackers,security vulnerabilities,threats},
mendeley-groups = {cloud},
pages = {1--35},
title = {{Cloud Computing Security: A Survey}},
year = {2014}
}

@article{Tang2016,
author = {Tang, J U N and Cui, Yong and Li, Q I and Ren, K U I and Liu, Jiangchuan and Buyya, Rajkumar},
doi = {10.1145/2906153},
file = {:home/marcos/.local/share/data/Mendeley Ltd./Mendeley Desktop/Downloaded/Tang et al. - 2016 - Ensuring Security and Privacy Preservation for Cloud Data Services.pdf:pdf},
mendeley-groups = {cloud},
number = {1},
title = {{Ensuring Security and Privacy Preservation for Cloud Data Services}},
volume = {49},
year = {2016}
}

@article{RAO2015204,
author = {Rao, R Velumadhava and Selvamani, K},
doi = {http://dx.doi.org/10.1016/j.procs.2015.04.171},
file = {:home/marcos/MEGA/MATERIAL DID{\'{A}}TICO/Artigos/artigos cloud/Data Security Challenges and Its Solutions in Cloud Computing .pdf:pdf},
issn = {1877-0509},
journal = {Procedia Computer Science},
keywords = {Cloud computing,Data Access,Data secuity},
mendeley-groups = {DISSERTA{\c{C}}{\~{A}}O},
pages = {204--209},
title = {{Data Security Challenges and Its Solutions in Cloud Computing}},
url = {http://www.sciencedirect.com/science/article/pii/S1877050915006808},
volume = {48},
year = {2015}
}

@book{book:1581469,
   title =     {Provable Security: 10th International Conference, ProvSec 2016, Nanjing, China, November 10-11, 2016, Proceedings},
   author =    {Liqun Chen, Jinguang Han (eds.)},
   publisher = {Springer International Publishing},
   isbn =      {978-3-319-47421-2,978-3-319-47422-9},
   year =      {2016},
   series =    {Lecture Notes in Computer Science 10005},
   edition =   {1}
}

@article{Ren2016,
author = {Ren, Shu Qin and Hong, Benjamin and Tan, Meng and Sundaram, Sivaraman and Wang, Taining and Ng, Yibin and Chang, Victor and Mi, Khin and Aung, Mi},
doi = {10.1016/j.future.2016.03.013},
file = {:home/marcos/MEGA/MATERIAL DID{\'{A}}TICO/Artigos/artigos cloud/Secure searching on cloud storage enhanced by homomorphic indexiin.pdf:pdf},
issn = {0167-739X},
journal = {Future Generation Computer Systems},
keywords = {bit-string for each session,by performing xor operation,dependency of key,enables the searching evaluation,first,for cloud storage,keyword and randomizing it,leakage,method by encrypting the,new data protection,searching on encrypted data,secondly,the homomorphic evaluation key,this scheme specifies a,thus it removes the,to be on-demand calculated,to protect access pattern,with a random},
mendeley-groups = {DISSERTA{\c{C}}{\~{A}}O},
pages = {102--110},
publisher = {Elsevier B.V.},
title = {{Secure searching on cloud storage enhanced by homomorphic indexing}},
url = {http://dx.doi.org/10.1016/j.future.2016.03.013},
volume = {65},
year = {2016}
}

@article{yu2015enhanced,
  title={Enhanced privacy of a remote data integrity-checking protocol for secure cloud storage},
  author={Yu, Yong and Au, Man Ho and Mu, Yi and Tang, Shaohua and Ren, Jian and Susilo, Willy and Dong, Liju},
  journal={International Journal of Information Security},
  volume={14},
  number={4},
  pages={307--318},
  year={2015},
  publisher={Springer}
}

@article{Sookhak2017101,
author = {Sookhak, Mehdi and Gani, Abdullah and Khan, Muhammad Khurram and Buyya, Rajkumar},
doi = {http://doi.org/10.1016/j.ins.2015.09.004},
issn = {0020-0255},
journal = {Information Sciences},
keywords = {Big data storage,Cloud computing,Data dynamic,Data integrity,Remote data auditing},
mendeley-groups = {DISSERTA{\c{C}}{\~{A}}O},
pages = {101--116},
title = {{Dynamic remote data auditing for securing big data storage in cloud computing}},
url = {http://www.sciencedirect.com/science/article/pii/S0020025515006581},
volume = {380},
year = {2017}
}

@INPROCEEDINGS{Fernadez2015, 
author={E. B. Fernandez and N. Yoshioka and H. Washizaki}, 
booktitle={2015 IEEE 2nd Workshop on Evolving Security and Privacy Requirements Engineering (ESPRE)}, 
title={Patterns for security and privacy in cloud ecosystems}, 
year={2015}, 
pages={13-18}, 
doi={10.1109/ESPRE.2015.7330162}, 
}

@article{Arnautov2016,
author = {Arnautov, Sergei and Trach, Bohdan and Gregor, Franz and Knauth, Thomas and Martin, Andre and Priebe, Christian and Lind, Joshua and Muthukumaran, Divya and Stillwell, Mark L and Goltzsche, David and Eyers, Dave and Pietzuch, Peter},
file = {:home/marcos/MEGA/MATERIAL DID{\'{A}}TICO/Artigos/SGX/ Secure Linux Containers with Intel SGX.pdf:pdf},
isbn = {9781931971331},
mendeley-groups = {SGX},
title = {{SCONE: Secure Linux Containers with Intel SGX}},
year = {2016}
}

@article{Aublin2017,
author = {Aublin, Pierre-louis and Kelbert, Florian and Muthukumaran, Divya and Priebe, Christian and Lind, Joshua and Krahn, Robert and Fetzer, Christof and Eyers, David and Pietzuch, Peter},
file = {:home/marcos/MEGA/MATERIAL DID{\'{A}}TICO/Artigos/SGX/TaLoS$\backslash$: Secure and Transparent TLS Termination inside SGX Enclaves.pdf:pdf},
journal = {Imperial College London Research},
mendeley-groups = {SGX},
pages = {4},
title = {{TaLoS: Secure and Transparent TLS Termination inside SGX Enclaves}},
url = {https://www.doc.ic.ac.uk/research/technicalreports/2017/DTRS17-5.pdf},
year = {2017}
}

@misc{SGXSSL2017,
author = {{Intel® SGXSSL}},
title = {Intel SGX SSL Library},
Urlaccessdate = {13 de abril de 2017 às 13:51 hs.},
Url = {https://software.intel.com/en-us/sgx-sdk/download},
Year = {2017}
}

@misc{mbedtls2017,
author = {{MbedTLS}},
title = {TLS for SGX: A port for MbedTLS},
Urlaccessdate = {20 de fevereiro de 2017 às 21:51 hs.},
Url = {https://github.com/bl4ck5un/mbedtls-SGX},
Year = {2017}
}

@misc{wolf2017,
author = {{WolfSSL}},
title = {wolfSSL with Intel® SGX},
Urlaccessdate = {14 de abril de 2017 às 22:02 hs.},
Url = {https://www.wolfssl.com/wolfSSL/Blog/Entries/2017/1/17_wolfSSL_with_Intel_SGX.html},
Year = {2017}
}

@inproceedings{mckeen2013innovative,
  title={Innovative instructions and software model for isolated execution.},
  author={McKeen, Frank and Alexandrovich, Ilya and Berenzon, Alex and Rozas, Carlos V and Shafi, Hisham and Shanbhogue, Vedvyas and Savagaonkar, Uday R},
  booktitle={HASP@ ISCA},
  pages={10},
  url={http://css.csail.mit.edu/6.858/2015/readings/intel-sgx.pdf},
  year={2013}
}

@inproceedings{Kucuk2016,
address = {New York, New York, USA},
author = {K{\"{u}}{\c{c}}{\"{u}}k, Kubilay Ahmet and Paverd, Andrew and Martin, Andrew and Asokan, N and Simpson, Andrew and Ankele, Robin},
booktitle = {Proceedings of the 1st Workshop on System Software for Trusted Execution - SysTEX '16},
doi = {10.1145/3007788.3007793},
file = {:home/marcos/MEGA/MATERIAL DID{\'{A}}TICO/Artigos/SGX/Exploring the use of Intel SGX for  secure many-party applications.pdf:pdf},
isbn = {9781450346702},
keywords = {all or part of,attestation,many-party applications,or,or hard copies of,permission to make digital,privacy,smart grid,software guard extensions,this work for personal,trustworthy remote entity},
mendeley-groups = {SGX},
pages = {1--6},
publisher = {ACM Press},
title = {{Exploring the use of Intel SGX for Secure Many-Party Applications}},
url = {http://dl.acm.org/citation.cfm?doid=3007788.3007793},
year = {2016}
}

@inproceedings{anati2013innovative,
  title={Innovative technology for CPU based attestation and sealing},
  author={Anati, Ittai and Gueron, Shay and Johnson, Simon and Scarlata, Vincent},
  booktitle={Proceedings of the 2nd international workshop on hardware and architectural support for security and privacy},
  volume={13},
  year={2013}
}

@inproceedings{krawczyk2003sigma,
  title={SIGMA: The ‘SIGn-and-MAc’approach to authenticated Diffie-Hellman and its use in the IKE protocols},
  author={Krawczyk, Hugo},
  booktitle={Annual International Cryptology Conference},
  pages={400--425},
  year={2003},
  organization={Springer}
}

@article{IntelCorp.2014,
author = {{Intel Corp.}},
file = {:home/marcos/.local/share/data/Mendeley Ltd./Mendeley Desktop/Downloaded/Intel Corp. - 2014 - Software Guard Extensions Programming Reference.pdf:pdf},
journal = {Intel Corp.},
mendeley-groups = {SGX},
number = {Ref. {\#}329298-002},
title = {{Software Guard Extensions Programming Reference}},
url = {https://software.intel.com/sites/default/files/managed/48/88/329298-002.pdf},
year = {2014}
}

@article{Intel2015,
author = {Intel},
file = {:home/marcos/Downloads/tutorial slide for intel sgx.pdf:pdf},
journal = {Web, Intel Corp},
mendeley-groups = {SGX},
number = {June},
pages = {1--11},
title = {{Intel Software Guard Extensions (SGX): A Researcher's Primer}},
url = {https://www.nccgroup.trust/uk/about-us/newsroom-and-events/blogs/2015/january/intel-software-guard-extensions-sgx-a-researchers-primer/},
volume = {234},
year = {2015}
}

@article{weiser2017sgxio,
  title={SGXIO: Generic Trusted I/O Path for Intel SGX},
  author={Weiser, Samuel and Werner, Mario},
  journal={arXiv preprint arXiv:1701.01061},
  year={2017}
}

@inproceedings{Xing2016,
address = {New York, New York, USA},
author = {Xing, Bin Cedric and Shanahan, Mark and Leslie-Hurd, Rebekah},
booktitle = {Proceedings of the Hardware and Architectural Support for Security and Privacy 2016 on - HASP 2016},
doi = {10.1145/2948618.2954330},
file = {:home/marcos/MEGA/MATERIAL DID{\'{A}}TICO/Artigos/SGX/Intel{\textregistered} Software Guard Extensions (Intel{\textregistered} SGX) Support for Dinamic memory management inside an enclave.pdf:pdf},
isbn = {9781450347693},
keywords = {CTPClassification=CTP{\_}PUBLIC:VisualMarkings=},
mendeley-groups = {SGX},
pages = {1--9},
publisher = {ACM Press},
title = {{Intel{\textregistered} Software Guard Extensions (Intel{\textregistered} SGX) Software Support for Dynamic Memory Allocation inside an Enclave}},
url = {http://dl.acm.org/citation.cfm?doid=2948618.2954330},
year = {2016}
}

@article{Noubir2016,
author = {Noubir, Guevara and Sanatinia, Amirali},
file = {:home/marcos/MEGA/MATERIAL DID{\'{A}}TICO/Artigos/SGX/Tristed Code Execution on Ubstrusted plataforms using intel sgx.pdf:pdf},
journal = {VIRUS BULLETIN CONFERENCE OCTOBER 2016 1},
mendeley-groups = {SGX},
number = {October},
pages = {1--7},
title = {{Trusted code execution on untrusted platforms using intel sgx}},
year = {2016}
}


@book{book:1581469v2,
   title =     {Provable Security: 10th International Conference, ProvSec 2016, Nanjing, China, November 10-11, 2016, Proceedings},
   author =    {Liqun Chen, Jinguang Han (eds.)},
   publisher = {Springer International Publishing},
   isbn =      {978-3-319-47421-2,978-3-319-47422-9},
   year =      {2016},
   series =    {Lecture Notes in Computer Science 10005},
   edition =   {1},
   volume =    {},
}



@inproceedings{boneh2017surnaming,
  title={Surnaming Schemes, Fast Verification, and Applications to SGX Technology},
  author={Boneh, Dan and Gueron, Shay},
  booktitle={Cryptographers’ Track at the RSA Conference},
  pages={149--164},
  year={2017},
  organization={Springer}
}

@inproceedings{park2016toward,
  title={Toward Live Migration of SGX-Enabled Virtual Machines},
  author={Park, Jaemin and Park, Sungjin and Oh, Jisoo and Won, Jong-Jin},
  booktitle={Services (SERVICES), 2016 IEEE World Congress on},
  pages={111--112},
  year={2016},
  organization={IEEE}
}

@misc{ITI2017,
author = {{ITI}},
title = {Instituto Nacional de Tecnologia da Informação -  Sobre Carimbo de Tempo},
Urlaccessdate = {17 de abril de 2017 às 03:15hs},
Url = {http://www.iti.gov.br/perguntas-frequentes/1747-carimbo-de-tempo},
Year = {2017}
}

@article{singh2015survey,
  title={Survey on Techniques Developed using Digital Signature: Public key Cryptography},
  author={Singh, Shivendra and Iqbal, Md Sarfaraz and Jaiswal, Arunima},
  journal={International Journal of Computer Applications},
  volume={117},
  number={16},
  year={2015},
  publisher={Foundation of Computer Science}
}

@article{shim2016survey,
  title={A Survey of Public-Key Cryptographic Primitives in Wireless Sensor Networks},
  author={Shim, Kyung-Ah},
  journal={IEEE Communications Surveys \& Tutorials},
  volume={18},
  number={1},
  pages={577--601},
  year={2016},
  publisher={IEEE}
}

@misc{inmetro2017,
author = {{INMETRO}},
title = { Instituto Nacional de Metrologia, Qualidade e Tecnologia - Inmetro - Metrologia Científica e Industrial},
Urlaccessdate = {17 de abril de 2017 às 05:49hs},
Url = {http://inmetro.gov.br/metcientifica/},
Year = {2017}
}

@misc{johnintel2017,
author = {John m. Fluke},
title = { Intel® Software Guard Extensions Tutorial Series: Part 2, Application Design},
Url = {https://software.intel.com/en-us/articles/intel-software-guard-extensions-tutorial-part-2-app-design},
Year = {2016}
}

@misc{intel2017,
author = {project01},
title = {01 Intel® Open Source - Intel Software Guard Extensions for Linux* OS},
Urlaccessdate = {16 de abril de 2017 às 15:12hs},
Url = {https://01.org/intel-software-guard-extensions},
Year = {2017}
}

@misc{intel2017b,
author = {project01},
title = {01 Intel® Open Source - INTEL® SOFTWARE GUARD EXTENSIONS (INTEL® SGX) SECURITY PROPERTIES},
Urlaccessdate = {16 de abril de 2017 às 18:01hs},
Url = {https://01.org/overview},
Year = {2017}
}

@article{patil2016comprehensive,
  title={A comprehensive evaluation of cryptographic algorithms: DES, 3DES, AES, RSA and Blowfish},
  author={Patil, Priyadarshini and Narayankar, Prashant and Narayan, DG and Meena, SM},
  journal={Procedia Computer Science},
  volume={78},
  pages={617--624},
  year={2016},
  publisher={Elsevier}
}

@misc{intel2016a,
author = {John and Benjamin},
title = {Intel® a série de tutoriais de extensões do Software Guard: Parte 1, Intel® SGX Foundation},
Urlaccessdate = {18 de abril de 2017 às 16:01hs},
Url = {https://software.intel.com/en-us/articles/intel-software-guard-extensions-tutorial-part-1-foundation},
Year = {2016}
}

@book{johnvacca,
   title =     {Cloud computing security: foundations and challenges},
   author =    {John R. Vacca},
   publisher = {CRC Press},
   isbn =      {1482260948,978-1-4822-6094-6,9781315354927,1315354926,9781482260953,1482260956},
   year =      {2017},
   series =    {},
   edition =   {},
   volume =    {},
   url =       {http://gen.lib.rus.ec/book/index.php?md5=302121CA86C745295B14A08ED64A120A}}

@inproceedings{Zhao2016,
author = {Zhao, Chongchong and Saifuding, Daniyaer and Tian, Hongliang and Zhang, Yong and Xing, Chunxiao},
booktitle = {2016 13th Web Information Systems and Applications Conference (WISA)},
doi = {10.1109/WISA.2016.45},
file = {:home/marcos/MEGA/MATERIAL DID{\'{A}}TICO/Artigos/SGX/On the Performance of Intel SGX.pdf:pdf},
isbn = {978-1-5090-5437-4},
keywords = {and,cloud computing,cloud security,data security,enterprises ensure their security,intel sgx,of data,performance evaluation,provide a buildable solution,to help cloud customers,trusted hardware},
mendeley-groups = {SGX},
month = {sep},
pages = {184--187},
publisher = {IEEE},
title = {{On the Performance of Intel SGX}},
url = {http://ieeexplore.ieee.org/document/7878255/},
year = {2016}
}

@misc{NETO2017,
author = {Adão de Melo Neto},
title = {Gerência do Processador},
Urlaccessdate = {26 de abril de 2017 às 14:27hs},
Url = {https://www.ime.usp.br/~adao/GERENCIADOPROCESSADOR.pdf},
Year = {2017}
}

@book{book:springadvaces,
   title =     {Proceedings of the International Conference on Data Engineering and Communication Technology: ICDECT 2016, Volume 2},
   author =    {Suresh Chandra Satapathy, Vikrant Bhateja, Amit Joshi (eds.)},
   publisher = {Springer Singapore},
   isbn =      {978-981-10-1678-3,978-981-10-1677-6},
   year =      {2017},
   series =    {Advances in Intelligent Systems and Computing 469},
   edition =   {1},
   }
   
 @article{portariaInmetro,
   title = {Portaria INMETRO - MDIC Número 586 de 01 de Novembro de 2012, Regulamentos Técnicos Metrológicos e de Avaliação da Conformidade de software para medidor eletrônico de energia elétrica e software para sistema distribuído de medição de energia elétrica },
   author = {INMETRO},
   publisher = {INMETRO},
   year = {2012},
   Url ={http://www.inmetro.gov.br/legislacao/rtac/pdf/RTAC001928.pdf}
}

 @book{sergio2012,
   title = {Dissertação de Mestrado - Uma Arquitetura de Segurança para Medidores Inteligentes - Verificação prática de dados de energia multitarifada},
   author = {Sérgio de Medeiros Camara},
   publisher = {Universidade Federal do Rio de Janeiro - Programa de Pós Graduação em Informática},
   year = {2012},
 
   pages = {95}
}

@inproceedings{carmo2009aspectos,
  title={Aspectos de Seguran{\c{c}}a da Informa{\c{c}}{\~a}o em Redes de Medidores de energia El{\'e}trica},
  author={Carmo, LFRC and Madruga, EL and Machado, RCS},
  booktitle={VIII International Seminar on Electrical Metrology, Jo{\~a}o Pessoa--Brasil},
  year={2009}
}

@article{giaconi2017smart,
  title={Smart meter privacy with renewable energy and a storage device},
  author={Giaconi, Giulio and Gunduz, Deniz and Poor, H Vincent},
  journal={Cornell University arXiv, Information Theory},
  year={2017}
}

@inproceedings{brenner2017secure,
  title={Secure Cloud Micro Services Using Intel SGX},
  author={Brenner, Stefan and Hundt, Tobias and Mazzeo, Giovanni and Kapitza, R{\"u}diger},
  booktitle={IFIP International Conference on Distributed Applications and Interoperable Systems},
  pages={177--191},
  year={2017},
  organization={Springer}
}

@inproceedings{brenner2016securekeeper,
  title={SecureKeeper: Confidential ZooKeeper using Intel SGX.},
  author={Brenner, Stefan and Wulf, Colin and Goltzsche, David and Weichbrodt, Nico and Lorenz, Matthias and Fetzer, Christof and Pietzuch, Peter R and Kapitza, R{\"u}diger},
  booktitle={Middleware},
  pages={14},
  year={2016}
}

@article{SilvaLeandro;MarinhoRodolfo;BritoAndrey;Barbosa2016,
address = {Niteroi},
author = {Silva, Leandro and Marinho, Rodolfo and Brito, Andrey and Barbosa, Pedro},
booktitle = {XVI Brazilian Symposium on Information and Computational Systems Security (SBSeg)},
file = {:home/marcos/Downloads/sbseg 2016.pdf:pdf},
mendeley-groups = {DISSERTA{\c{C}}{\~{A}}O},
pages = {2218--2224},
publisher = {XVI Brazilian Symposium on Information and Computational Systems Security (SBSeg)},
title = {{Agrega{\c{c}}{\~{a}}o de Dados na N{\'{u}}vem com Garantias de Seguran{\c{c}}a e Privacidade}},
year = {2016}
}

@INPROCEEDINGS{7943959, 
author={K. Bakshi}, 
booktitle={2017 IEEE Aerospace Conference}, 
title={Microservices-based software architecture and approaches}, 
year={2017}, 
pages={1-8}, 
keywords={Computer architecture;Databases;Organizations;Production;Software;Tools}, 
doi={10.1109/AERO.2017.7943959}, 
month={March},}


@article{o2017continuous,
  title={Continuous software engineering—A microservices architecture perspective},
  author={O'Connor, Rory V and Elger, Peter and Clarke, Paul M},
  journal={Journal of Software: Evolution and Process},
  year={2017},
  publisher={Wiley Online Library}
}

@inproceedings{reinhold2014hybrid,
  title={Hybrid cloud architecture for software-as-a-service provider to achieve higher privacy and decrease security concerns about cloud computing},
  author={Reinhold, Paul and Benn, Wolfgang and Krause, Benjamin and Goetz, Frank and Labudde, Dirk},
  booktitle={Conf. Cloud Computing, GRIDs, and Virtualization (IEEE, 2014)},
  pages={94--99},
  year={2014},
  organization={Citeseer}
}

@article{kaur2017security,
  title={Security issues in Cloud Computing},
  author={Kaur, Supreet and Singh, Amanpreet},
  journal={International Education and Research Journal},
  volume={3},
  number={5},
  year={2017}
}

@article{tan2017survey,
  title={Survey of Security Advances in Smart Grid: A Data Driven Approach},
  author={Tan, Song and De, Debraj and Song, Wen-Zhan and Yang, Junjie and Das, Sajal K},
  journal={IEEE Communications Surveys \& Tutorials},
  volume={19},
  number={1},
  pages={397--422},
  year={2017},
  publisher={IEEE}
}

@article{JARADAT2015592,
title = "The Internet of Energy: Smart Sensor Networks and Big Data Management for Smart Grid",
journal = "Procedia Computer Science",
volume = "56",
number = "",
pages = "592 - 597",
year = "2015",
note = "The 10th International Conference on Future Networks and Communications (FNC 2015) / The 12th International Conference on Mobile Systems and Pervasive Computing (MobiSPC 2015) Affiliated Workshops",
issn = "1877-0509",
doi = "http://dx.doi.org/10.1016/j.procs.2015.07.250",
url = "http://www.sciencedirect.com/science/article/pii/S1877050915017317",
author = "Manar Jaradat and Moath Jarrah and Abdelkader Bousselham and Yaser Jararweh and Mahmoud Al-Ayyoub",
keywords = "Internet of Things",
keywords = "Smart Grid",
keywords = "Big Data",
keywords = "Smart Sensor Network",
keywords = "Hierarchical Communication Infrastructure ;"
}

@article{bera2015cloud,
  title={Cloud computing applications for smart grid: A survey},
  author={Bera, Samaresh and Misra, Sudip and Rodrigues, Joel JPC},
  journal={IEEE Transactions on Parallel and Distributed Systems},
  volume={26},
  number={5},
  pages={1477--1494},
  year={2015},
  publisher={IEEE}
}

@article{ALI2015357,
title = "Security in cloud computing: Opportunities and challenges",
journal = "Information Sciences",
volume = "305",
number = "",
pages = "357 - 383",
year = "2015",
note = "",
issn = "0020-0255",
doi = "http://dx.doi.org/10.1016/j.ins.2015.01.025",
url = "http://www.sciencedirect.com/science/article/pii/S0020025515000638",
author = "Mazhar Ali and Samee U. Khan and Athanasios V. Vasilakos",
keywords = "Cloud computing",
keywords = "Multi-tenancy",
keywords = "Security",
keywords = "Virtualization",
keywords = "Web services"
}

@article{hussein2016survey,
  title={A survey of Cloud Computing Security challenges and solutions},
  author={Hussein, Nidal Hassan and Khalid, Ahmed},
  journal={International Journal of Computer Science and Information Security},
  volume={14},
  number={1},
  pages={52},
  year={2016},
  publisher={LJS Publishing}
}



@article{youssef2017ieee, 
author={K. H. Youssef}, 
journal={IEEE Transactions on Smart Grid}, 
title={Power Quality Constrained Optimal Management of Unbalanced Smart Microgrids During Scheduled Multiple Transitions Between Grid-Connected and Islanded Modes}, 
year={2017}, 
volume={8}, 
number={1}, 
pages={457-464}, 
keywords={convex programming;distributed power generation;energy storage;harmonic distortion;power distribution faults;power generation economics;power generation faults;power generation scheduling;power supply quality;profitability;smart power grids;PQ constrained optimization framework;convex form;energy storage;grid-connected mode;islanded mode;microgrid economic;microgrid profit maximization;multiple transition scheduling;power interruption cost;power sharing;steady-state frequency deviation;three-phase unbalanced distribution microgrid network constraint;total harmonic distortion limiting effect;unbalanced smart microgrid power quality constrained optimal management;Energy storage;Generators;Harmonic analysis;Microgrids;Optimization;Power quality;Reactive power;Power quality (PQ);demand response (DR);distribution optimal power flow (DOPF)}, 
doi={10.1109/TSG.2016.2577643}, 
ISSN={1949-3053}, 
month={Jan},}


@article{DBLP:journals/corr/GahiGE15,
  author    = {Youssef Gahi and
               Mouhcine Guennoun and
               Khalil El{-}Khatib},
  title     = {A Secure Database System using Homomorphic Encryption Schemes},
  journal   = {CoRR},
  volume    = {abs/1512.03498},
  year      = {2015},
  url       = {http://arxiv.org/abs/1512.03498},
  timestamp = {Wed, 07 Jun 2017 14:42:07 +0200},
  biburl    = {http://dblp.uni-trier.de/rec/bib/journals/corr/GahiGE15},
  bibsource = {dblp computer science bibliography, http://dblp.org}
}


@article{Gantz2011,
abstract = {Content for this paper is excerpted directly from the IDC iView "Extracting Value from Chaos," June 2011, sponsored by EMC. The multimedia content can be viewed at http://www.emc.com/digitaluniverse.},
author = {Gantz, John and Reinsel, David},
file = {:home/marcos/Downloads/idc-extracting-value-from-chaos-ar.pdf:pdf},
journal = {IDC iView},
mendeley-groups = {cloud},
number = {June},
pages = {1--12},
title = {{Extracting Value from Chaos State of the Universe: An Executive Summary}},
url = {http://idcdocserv.com/1142},
year = {2011}
}

@article{ZHOU2016215,
title = "Big data driven smart energy management: From big data to big insights",
journal = "Renewable and Sustainable Energy Reviews",
volume = "56",
number = "",
pages = "215 - 225",
year = "2016",
note = "",
issn = "1364-0321",
doi = "http://dx.doi.org/10.1016/j.rser.2015.11.050",
url = "http://www.sciencedirect.com/science/article/pii/S1364032115013179",
author = "Kaile Zhou and Chao Fu and Shanlin Yang",
keywords = "Energy big data",
keywords = "Smart energy management",
keywords = "Big data analytics",
keywords = "Smart grid",
keywords = "Demand side management (DSM)"
}

@article{dunne2012big,
  title={Big Data, Analytics, and Energy Consumption},
  author={Dunne, T},
  url = {http://www.lavastorm.com/blog/2012/04/09/big-data-analytics-and-energy-consumption/},
  Urlaccessdate = {02 de abril de 2017 às 14:27hs},
  journal={Lavastorm Agle Analytics, Boston},
  year={2012}
}

@ARTICLE{quilumba20156945384, 
author={F. L. Quilumba and W. J. Lee and H. Huang and D. Y. Wang and R. L. Szabados}, 
journal={IEEE Transactions on Smart Grid}, 
title={Using Smart Meter Data to Improve the Accuracy of Intraday Load Forecasting Considering Customer Behavior Similarities}, 
year={2015}, 
volume={6}, 
number={2}, 
pages={911-918}, 
keywords={consumer behaviour;energy management systems;load forecasting;power system planning;smart meters;smart power grids;AMI;advanced metering infrastructure;customer behavior similarity;electric power system planning;energy management;energy-use information;feeder level;intraday load forecasting;long-term load forecasting;power consumption patterns;smart grid technology;smart meter data;very short-term load forecasting;Accuracy;Biological system modeling;Forecasting;Load forecasting;Load modeling;Predictive models;Smart meters;$k$ -means clustering;Advanced metering infrastructure (AMI);k-means clustering;load forecasting;load patterns;load profiles;neural network-based load forecasting;smart meters}, 
doi={10.1109/TSG.2014.2364233}, 
ISSN={1949-3053}, 
month={March},}

@article{Hayes:2008:CC:1364782.1364786,
 author = {Hayes, Brian},
 title = {Cloud Computing},
 journal = {Commun. ACM},
 issue_date = {July 2008},
 volume = {51},
 number = {7},
 month = jul,
 year = {2008},
 issn = {0001-0782},
 pages = {9--11},
 numpages = {3},
 url = {http://doi.acm.org/10.1145/1364782.1364786},
 doi = {10.1145/1364782.1364786},
 acmid = {1364786},
 publisher = {ACM},
 address = {New York, NY, USA},
} 

@ARTICLE{JBAEK6905754, 
author={J. Baek and Q. H. Vu and J. K. Liu and X. Huang and Y. Xiang}, 
journal={IEEE Transactions on Cloud Computing}, 
title={A Secure Cloud Computing Based Framework for Big Data Information Management of Smart Grid}, 
year={2015}, 
volume={3}, 
number={2}, 
pages={233-244}, 
keywords={Big Data;cloud computing;cryptography;data analysis;digital signatures;information management;power engineering computing;smart power grids;Smart-Frame;big data analysis;big data information management;digital signature;electricity services;front-end intelligent devices;identity-based encryption;power assets;proxy reencryption;secure cloud computing based framework;smart grid;smart meters;Cloud computing;Computer architecture;Identity-based encryption;Information management;Smart grids;Big data;cloud computing;information management;secure;smart grid}, 
doi={10.1109/TCC.2014.2359460}, 
ISSN={2168-7161}, 
month={April},}

@article{paruchuri2016cloud,
  title={Cloud Computing for Smart grids},
  journal={Internacional Jounal od Cloud Computing and Super Computing},
  volume={3}, 
  number={2},
  pages = {19--26},
  author={Paruchuri, Vijaya Lakshmi},
  year={2016}
}

@article{FANG20161326,
title = "The contributions of cloud technologies to smart grid",
journal = "Renewable and Sustainable Energy Reviews",
volume = "59",
number = "",
pages = "1326 - 1331",
year = "2016",
note = "",
issn = "1364-0321",
doi = "http://dx.doi.org/10.1016/j.rser.2016.01.032",
url = "http://www.sciencedirect.com/science/article/pii/S1364032116000629",
author = "Baling Fang and Xiang Yin and Yi Tan and Canbing Li and Yunpeng Gao and Yijia Cao and Jianliang Li",
keywords = "Cloud storage",
keywords = "Cloud computing",
keywords = "Cloud security",
keywords = "Power system",
keywords = "Smart grid"
}

@ARTICLE{smart-eletric-meter2017, 
author={D. Alahakoon and X. Yu}, 
journal={IEEE Transactions on Industrial Informatics}, 
title={Smart Electricity Meter Data Intelligence for Future Energy Systems: A Survey}, 
year={2016}, 
volume={12}, 
number={1}, 
pages={425-436}, 
keywords={data analysis;power engineering computing;smart meters;Big Data;cloud environment;data acquisition;data intelligence;data interpretation;data processing;data transmission;future energy systems;smart electricity meter;smart meter data analytics;stakeholder interest;Data analysis;Electricity;Informatics;Power quality;Real-time systems;Smart grids;Smart meters;Artificial Intelligence;Artificial intelligence;Automated Meter Infrastructure;Big Data;Cloud computing;Data analytics;Internet of Things;Internet of Things (IoT);Machine learning;Privacy;Smart Grids;Smart meters;automated meter infrastructure;big data;cloud computing;data analytics;machine learning;privacy;smart grids (SGs);smart meters}, 
doi={10.1109/TII.2015.2414355}, 
ISSN={1551-3203}, 
month={Feb},}

@article{kabalci2016survey,
  title={A survey on smart metering and smart grid communication},
  author={Kabalci, Yasin},
  journal={Renewable and Sustainable Energy Reviews},
  volume={57},
  pages={302--318},
  year={2016},
  publisher={Elsevier}
}

@inproceedings{weichbrodt2016asyncshock,
  title={Asyncshock: Exploiting synchronisation bugs in intel sgx enclaves},
  author={Weichbrodt, Nico and Kurmus, Anil and Pietzuch, Peter and Kapitza, R{\"u}diger},
  booktitle={European Symposium on Research in Computer Security},
  pages={440--457},
  year={2016},
  organization={Springer}
}

@inproceedings{mckeen2016intel,
  title={Intel{\textregistered} Software Guard Extensions (Intel{\textregistered} SGX) Support for Dynamic Memory Management Inside an Enclave},
  author={McKeen, Frank and Alexandrovich, Ilya and Anati, Ittai and Caspi, Dror and Johnson, Simon and Leslie-Hurd, Rebekah and Rozas, Carlos},
  booktitle={Proceedings of the Hardware and Architectural Support for Security and Privacy 2016},
  pages={10},
  year={2016},
  organization={ACM}
}

@article{Barbosa2016,
author = {Barbosa, Pedro and Brito, Andrey and Almeida, Hyggo},
doi = {10.1016/j.ins.2016.08.011},
file = {:home/marcos/MEGA/MATERIAL DID{\'{A}}TICO/Artigos/intro/A Technique to provide differential privacy for appliance usage in smart metering.pdf:pdf},
issn = {00200255},
journal = {Information Sciences},
keywords = {Differential privacy,Meter reading,Noise addition,Smart grids},
mendeley-groups = {INTRO},
pages = {355--367},
publisher = {Elsevier Inc.},
title = {{A Technique to provide differential privacy for appliance usage in smart metering}},
volume = {370-371},
year = {2016}
}

@article{Finster2015,
author = {Finster, Soren and Baumgart, Ingmar},
doi = {10.1109/COMST.2015.2425958},
isbn = {1553-877X VO - 16},
issn = {1553877X},
journal = {IEEE Communications Surveys and Tutorials},
keywords = {Advanced Metering Infrastructure,Privacy,Smart Grid Communications,Trust},
mendeley-groups = {INTRO},
number = {2},
pages = {1088--1101},
title = {{Privacy-aware smart metering: A survey}},
volume = {17},
year = {2015}
}

@inproceedings{mohassel2014survey,
  title={A survey on advanced metering infrastructure and its application in Smart Grids},
  author={Mohassel, Ramyar Rashed and Fung, Alan S and Mohammadi, Farah and Raahemifar, Kaamran},
  booktitle={Electrical and Computer Engineering (CCECE), 2014 IEEE 27th Canadian Conference on},
  pages={1--8},
  year={2014},
  organization={IEEE}
}

@article{Rubio2017,
author = {Rubio, Juan E. and Alcaraz, Cristina and Lopez, Javier},
doi = {10.1016/j.pmcj.2017.03.008},
issn = {15741192},
journal = {Pervasive and Mobile Computing},
keywords = {Control,Data privacy,Metering,Protocols,Smart grid},
publisher = {Elsevier B.V.},
title = {{Recommender system for privacy-preserving solutions in smart metering}},
url = {http://dx.doi.org/10.1016/j.pmcj.2017.03.008},
year = {2017}
}


@article{Stefan2017,
author = {Stefan, M and Lopez, J G and Andreasen, M H and Olsen, R L},
doi = {10.1109/BigDataService.2017.26},
journal = {2017 IEEE Third International Conference on Big Data Computing Service and Applications (BigDataService)},
keywords = {Big Data,Data mining,Data visualization,Delays,Real-time systems,Smart grids,Tools},
mendeley-groups = {INTRO},
pages = {165--171},
title = {{Visualization Techniques for Electrical Grid Smart Metering Data: A Survey}},
year = {2017}
}

@article{Asghar2017,
author = {Asghar, Muhammad Rizwan and Dan, Gyorgy and Miorandi, Daniele and Chlamtac, Imrich},
doi = {10.1109/COMST.2017.2720195},
issn = {1553-877X},
journal = {IEEE Communications Surveys {\&} Tutorials},
mendeley-groups = {INTRO},
number = {c},
pages = {1--1},
title = {{Smart Meter Data Privacy: A Survey}},
url = {http://ieeexplore.ieee.org/document/7959167/},
year = {2017}
}

@article{Richardson-Chris,
  title={Pattern: Microservice Architecture},
  author={Richardson, Chris},
  url = {http://microservices.io/patterns/microservices.html},
  Urlaccessdate = {26 de agosto de 2017 às 19:27hs},
  journal={Microservice.io},
  year={2017}
}


@inproceedings{aderaldo2017benchmark,
  title={Benchmark requirements for microservices architecture research},
  author={Aderaldo, Carlos M and Mendon{\c{c}}a, Nabor C and Pahl, Claus and Jamshidi, Pooyan},
  booktitle={Proceedings of the 1st International Workshop on Establishing the Community-Wide Infrastructure for Architecture-Based Software Engineering},
  pages={8--13},
  year={2017},
  organization={IEEE Press}
}

@article{Ur-Rehman2015,
author = {Ur-Rehman, Obaid and Zivic, Natasa and Ruland, Christoph},
doi = {10.1109/SEGE.2015.7324615},
isbn = {9781467379328},
journal = {International Conference on Smart Energy Grid Engineering, SEGE 2015},
keywords = {Security by Design,Security in Smart Metering,Smart Metering,Smart Metering Gateways},
title = {{Security issues in smart metering systems}},
year = {2015}
}

@article{schwarz2017malware,
  title={Malware guard extension: Using SGX to conceal cache attacks},
  author={Schwarz, Michael and Weiser, Samuel and Gruss, Daniel and Maurice, Cl{\'e}mentine and Mangard, Stefan},
  journal={arXiv preprint arXiv:1702.08719},
  year={2017}
}

@article{marmol2012not,
  title={Do not snoop my habits: preserving privacy in the smart grid},
  author={Marmol, Felix Gomez and Sorge, Christoph and Ugus, Osman and P{\'e}rez, Gregorio Mart{\'\i}nez},
  journal={IEEE Communications Magazine},
  volume={50},
  number={5},
  year={2012},
  publisher={IEEE}
}

@article{zeadally2013towards,
  title={Towards privacy protection in smart grid},
  author={Zeadally, Sherali and Pathan, Al-Sakib Khan and Alcaraz, Cristina and Badra, Mohamad},
  journal={Wireless personal communications},
  volume={73},
  number={1},
  pages={23--50},
  year={2013},
  publisher={Springer}
}

@inproceedings{keoh2015lightweight,
  title={A lightweight privacy-preserved spatial and temporal aggregation of energy data},
  author={Keoh, Sye Loong and Ang, Yi Han and Tang, Zhaohui},
  booktitle={Information Assurance and Security (IAS), 2015 11th International Conference on},
  pages={1--6},
  year={2015},
  organization={IEEE}
}


@book{girrese,
  title={Dissertação de Mestrado Profissional - Arcabouço de segurança para medidores inteligentes no contexto de computação em nuvem},
  author={Girrese Ferreira Reinehr},
  year={2017},
  organization={Instituto Nacional de Metrologia, Qualidade e Tecnologia}
}